
<record>
  <controlfield tag="001">238696</controlfield>
  <datafield tag="035" ind1=" " ind2=" ">
    <subfield code="a">Abachi:1986yi</subfield>
    <subfield code="9">SPIRESTeX</subfield>
  </datafield>
  <datafield tag="035" ind1=" " ind2=" ">
    <subfield code="9">OSTI</subfield>
    <subfield code="a">7244239</subfield>
  </datafield>
  <datafield tag="710" ind1=" " ind2=" ">
    <subfield code="g">HRS</subfield>
  </datafield>
  <datafield tag="037" ind1=" " ind2=" ">
    <subfield code="a">ANL-HEP-CP-86-75</subfield>
  </datafield>
  <datafield tag="037" ind1=" " ind2=" ">
    <subfield code="a">CONF-860701-38</subfield>
  </datafield>
  <datafield tag="245" ind1=" " ind2=" ">
    <subfield code="a">CHARM D PRODUCTION IN e+ e- ANNIHILATION AT 29-GeV</subfield>
  </datafield>
</record>