
<record>
  <controlfield tag="001">241275</controlfield>
  <datafield tag="035" ind1=" " ind2=" ">
    <subfield code="a">Abachi:1986rr</subfield>
    <subfield code="9">SPIRESTeX</subfield>
  </datafield>
  <datafield tag="035" ind1=" " ind2=" ">
    <subfield code="9">OSTI</subfield>
    <subfield code="a">5763193</subfield>
  </datafield>
  <datafield tag="710" ind1=" " ind2=" ">
    <subfield code="g">HRS</subfield>
  </datafield>
  <datafield tag="037" ind1=" " ind2=" ">
    <subfield code="a">ANL-HEP-CP-86-57</subfield>
  </datafield>
  <datafield tag="037" ind1=" " ind2=" ">
    <subfield code="a">CONF-860701-92</subfield>
  </datafield>
  <datafield tag="245" ind1=" " ind2=" ">
    <subfield code="a">PRODUCTION AND FRAGMENTATION OF THE D*0 MESON IN e+ e- ANNIHILATION AT S**(1/2) = 29-GeV</subfield>
  </datafield>
</record>